<record><leader>00000cas a22000007a 4500</leader><controlfield tag="001">13727104</controlfield><controlfield tag="008">860613d19181958wiuwr ne      0    0eng d</controlfield><datafield ind1=" " ind2=" " tag="010"><subfield code="a">sn 86086247 </subfield></datafield><datafield ind1=" " ind2=" " tag="040"><subfield code="a">NPV</subfield><subfield code="b">eng</subfield><subfield code="c">NPV</subfield><subfield code="d">OCLCQ</subfield></datafield><datafield ind1=" " ind2=" " tag="042"><subfield code="a">msc</subfield></datafield><datafield ind1="0" ind2="4" tag="245"><subfield code="a">The Chippewa Valley courier.</subfield></datafield><datafield ind1="1" ind2="3" tag="246"><subfield code="a">Jim Falls booster</subfield></datafield><datafield ind1=" " ind2=" " tag="260"><subfield code="a">Cornell, Wis. :</subfield><subfield code="b">[s.n.],</subfield><subfield code="c">1918-1958.</subfield></datafield><datafield ind1=" " ind2=" " tag="300"><subfield code="a">v.</subfield></datafield><datafield ind1=" " ind2=" " tag="310"><subfield code="a">Weekly</subfield></datafield><datafield ind1="0" ind2=" " tag="362"><subfield code="a">Vol. 6, no. 5 (Mar. 22, 1918)-v. 43, no. 30 (Oct. 31, 1958).</subfield></datafield><datafield ind1=" " ind2=" " tag="500"><subfield code="a">Publisher varies.</subfield></datafield><datafield ind1=" " ind2=" " tag="500"><subfield code="a">Added masthead: The Jim Falls Booster, Aug. 6, 1931-March 17, 1932.</subfield></datafield><datafield ind1=" " ind2=" " tag="500"><subfield code="a">"Official paper for the City of Cornell and Town of Holcombe."</subfield></datafield><datafield ind1=" " ind2=" " tag="525"><subfield code="a">Supplements accompany some issues.</subfield></datafield><datafield ind1=" " ind2=" " tag="752"><subfield code="a">United States</subfield><subfield code="b">Wisconsin</subfield><subfield code="c">Chippewa</subfield><subfield code="d">Cornell.</subfield></datafield><datafield ind1=" " ind2=" " tag="752"><subfield code="a">United States</subfield><subfield code="b">Wisconsin</subfield><subfield code="c">Chippewa</subfield><subfield code="d">Holcombe.</subfield></datafield><datafield ind1=" " ind2=" " tag="752"><subfield code="a">United States</subfield><subfield code="b">Wisconsin</subfield><subfield code="c">Chippewa</subfield><subfield code="d">Jim Falls.</subfield></datafield><datafield ind1="1" ind2=" " tag="777"><subfield code="t">Holcombe tribune</subfield><subfield code="w">(DLC)sn 86086246</subfield></datafield><datafield ind1="0" ind2="0" tag="780"><subfield code="t">Cornell courier (Cornell, Wis. : 1912)</subfield><subfield code="w">(DLC)sn 86086245</subfield></datafield><datafield ind1="0" ind2="0" tag="785"><subfield code="t">Cornell courier (Cornell, Wis. : 1958)</subfield><subfield code="w">(DLC)sn 86086248</subfield></datafield></record>